
@article{project2:ziele,
    author = {Lukas Seglias, Luca Ritz},
    title = {Billiard-AI},
    year = {2021},
    pages = {5-6},
}

@article{project2:resultate,
    author = {Lukas Seglias, Luca Ritz},
    title = {Billiard-AI},
    year = {2021},
    pages = {21-23},
}