
@misc{ intel:realsense_d435,
    author = "{Unknown}",
    title = "Intel RealSense Depth Camera D435",
    year = "2021",
    url = "https://www.intelrealsense.com/depth-camera-d435",
    note = "[Online; accessed 20.05.2021]"
}

@misc{ intel:realsense_d435_datasheet,
    author = "{Unknown}",
    title = "Intel RealSense Depth Camera D435 Datasheet",
    year = "2021",
    url = "https://www.intelrealsense.com/wp-content/uploads/2020/06/Intel-RealSense-D400-Series-Datasheet-June-2020.pdf",
    note = "[Online; accessed 20.05.2021]"
}

@misc{ github:realsense_sdk,
    author = "{Unknown}",
    title = "Intel RealSense SDK 2.0 Github",
    year = "2021",
    url = "https://github.com/IntelRealSense/librealsense",
    note = "[Online; accessed 20.05.2021]"
}

@misc{ omnivision:ov2740,
    author = "{Unknown}",
    title = "OmniVision OV2740",
    year = "2021",
    url = "https://www.ovt.com/sensors/OV2740",
    note = "[Online; accessed 20.05.2021]"
}

@misc{ matlab:what_is_camera_calibration,
    author = "{Unknown}",
    title = "Matlab - What is Camera Calibration?",
    year = "2021",
    url = "https://ch.mathworks.com/help/vision/ug/camera-calibration.html",
    note = "[Online; accessed 20.05.2021]"
}

@misc{ simek:extrinsic_camera_matrix,
    author = "{Kyle Simek}",
    title = "Dissecting the Camera Matrix, Part 2: The Extrinsic Matrix",
    year = "2012",
    url = "https://ksimek.github.io/2012/08/22/extrinsic/#:~:text=The%20Extrinsic%20Camera%20Matrix,the%20%22modelview%20matrix%22).",
    note = "[Online; accessed 20.05.2021]"
}

@misc{ opencv:detection_of_aruco_boards,
    author = "{opencv.org}",
    title = "OpenCV - Detection of ArUco Boards",
    year = "2021",
    url = "https://docs.opencv.org/4.5.2/db/da9/tutorial_aruco_board_detection.html",
    note = "[Online; accessed 20.05.2021]"
}

@misc{ hsv_color_space,
    author = "{Wikipedia}",
    title = "Wikipedia - HSV-Farbraum",
    year = "2021",
    url = "https://de.wikipedia.org/wiki/HSV-Farbraum",
    note = "[Online; accessed 22.05.2021]"
}

@misc{ circle_hough,
    author = "{Wikipedia}",
    title = "Wikipedia - Circle Hough Transform",
    year = "2021",
    url = "https://en.wikipedia.org/wiki/Circle_Hough_Transform",
    note = "[Online; accessed 22.05.2021]"
}

@article{ canny_edge_detection,
    author={J. {Canny}},
    journal={IEEE Transactions on Pattern Analysis and Machine Intelligence},
    title={A Computational Approach to Edge Detection},
    year={1986},
    volume={PAMI-8},
    number={6},
    pages={679-698},
    doi={10.1109/TPAMI.1986.4767851}
}

@misc{ opencv:projectPoints_function,
    author = "{opencv.org}",
    title = "OpenCV - Funktion projectPoints",
    year = "2021",
    url = "https://docs.opencv.org/4.5.2/d9/d0c/group__calib3d.html#ga1019495a2c8d1743ed5cc23fa0daff8c",
    note = "[Online; accessed 23.05.2021]"
}

@misc{ learnopencv:geometry_of_image_formation,
    author = "{Satya Mallick}",
    title = "LearnOpenCV - Geometry of Image Formation",
    year = "2020",
    url = "https://learnopencv.com/geometry-of-image-formation/",
    note = "[Online; accessed 23.05.2021]"
}

@misc{ projectorcentral:benq_mw820st,
    author = "{Unknown}",
    title = "Projector Central - BenQ MW820ST Projector",
    year = "2021",
    url = "https://www.projectorcentral.com/BenQ-MW820ST.htm",
    note = "[Online; accessed 23.05.2021]"
}

